<record xmlns="http://www.loc.gov/MARC21/slim" xmlns:xsi="http://www.w3.org/2001/XMLSchema-instance" xsi:schemaLocation="http://www.loc.gov/MARC21/slim http://www.loc.gov/standards/marcxml/schema/MARC21slim.xsd"><leader>02667nam a2200385   4500</leader><controlfield tag="001">1926064</controlfield><controlfield tag="003">NIC</controlfield><controlfield tag="006">m        d        </controlfield><controlfield tag="007">cr cn |||m|||a</controlfield><controlfield tag="008">150113s1899    ua      o     000 0 ara d</controlfield><datafield ind1=" " ind2=" " tag="040"><subfield code="a">NNU</subfield><subfield code="b">eng</subfield><subfield code="e">rda</subfield><subfield code="c">NNU</subfield></datafield><datafield ind1="1" ind2=" " tag="100"><subfield code="6">880-01</subfield><subfield code="a">&#699;A&#772;mili&#772;, Baha&#772;&#700; al-Di&#772;n Muh&#803;ammad ibn H&#803;usayn,</subfield><subfield code="d">1547-1621.</subfield></datafield><datafield ind1="1" ind2="0" tag="240"><subfield code="6">880-02</subfield><subfield code="a">Mikhlah</subfield></datafield><datafield ind1="1" ind2="0" tag="245"><subfield code="6">880-03</subfield><subfield code="a">Kita&#772;b al-mikhla&#772;h /</subfield><subfield code="c">li-Baha&#772;&#700; al-Di&#772;n Muh&#803;ammad ibn H&#803;usayn al-&#699;A&#772;mili&#772;. Wa-qad dhayyalna&#772;hu bi-Kita&#772;b Asra&#772;r al-Bala&#772;ghah / li-mu&#700;allif al-madhku&#772;r. Wa-bi-ha&#772;mishih Kita&#772;b sukkarda&#772;n al-sult&#803;a&#772;n / li-Shiha&#772;b al-Di&#772;n ibn al-&#699;Abba&#772;s Ah&#803;mad ibn Yah&#803;y&#700;a ibn Abi&#772; Bakr al-shahi&#772;r bi-Ibn H&#803;ajalah al-Maghribi&#772; al-Tilimsa&#772;ni&#772;.</subfield></datafield><datafield ind1=" " ind2=" " tag="260"><subfield code="6">880-04</subfield><subfield code="a">Mis&#803;r,</subfield><subfield code="b">al-Mat&#803;ba&#699;ah al-Maymuni&#772;yah,</subfield><subfield code="c">1317 [1899 or 1900]</subfield></datafield><datafield ind1=" " ind2=" " tag="300"><subfield code="a">online resource (228, 24 pages)</subfield></datafield><datafield ind1=" " ind2=" " tag="336"><subfield code="a">text</subfield><subfield code="2">rdacontent</subfield></datafield><datafield ind1=" " ind2=" " tag="337"><subfield code="a">computer</subfield><subfield code="2">rdamedia</subfield></datafield><datafield ind1=" " ind2=" " tag="338"><subfield code="a">online resource</subfield><subfield code="2">rdacarrier</subfield></datafield><datafield ind1=" " ind2=" " tag="500"><subfield code="a">Part of the Arabic Collections Online (ACO) project, contributed by Cornell University Libraries.</subfield></datafield><datafield ind1=" " ind2=" " tag="533"><subfield code="a">Electronic reproduction.</subfield><subfield code="b">New York, N.Y. :</subfield><subfield code="c">New York University,</subfield><subfield code="d">2015.</subfield><subfield code="5">NNU</subfield></datafield><datafield ind1="1" ind2="2" tag="700"><subfield code="6">880-05</subfield><subfield code="a">&#699;A&#772;mili&#772;, Baha&#772;&#700; al-Di&#772;n Muh&#803;ammad ibn H&#803;usayn,</subfield><subfield code="d">1547-1621.</subfield><subfield code="t">Asra&#772;r al-Bala&#772;ghah.</subfield></datafield><datafield ind1="1" ind2="2" tag="700"><subfield code="6">880-06</subfield><subfield code="a">Ibn Abi&#772; H&#803;ajalah, Ah&#803;mad ibn Yah&#803;ya&#769;,</subfield><subfield code="d">1325-1374 or 1375.</subfield><subfield code="t">Kita&#772;b al-Sukkarda&#772;n.</subfield></datafield><datafield ind1="2" ind2=" " tag="710"><subfield code="a">Cornell University.</subfield><subfield code="b">Libraries.</subfield></datafield><datafield ind1="0" ind2=" " tag="730"><subfield code="a">Arabic Collections Online.</subfield></datafield><datafield ind1="0" ind2="8" tag="776"><subfield code="i">Print version:</subfield><subfield code="a">&#699;A&#772;mili&#772;, Baha&#772;&#700; al-Di&#772;n Muh&#803;ammad ibn H&#803;usayn, 1547-1621.</subfield><subfield code="t">Kita&#772;b al-mikhla&#772;h</subfield><subfield code="w">(NIC)1926064</subfield><subfield code="w">(OCoLC)64025375</subfield></datafield><datafield ind1="4" ind2="0" tag="856"><subfield code="u">http://hdl.handle.net/2333.1/931zctrn</subfield></datafield><datafield ind1="1" ind2=" " tag="880"><subfield code="6">100-01/r</subfield><subfield code="a">&#1593;&#1575;&#1605;&#1604;&#1610;&#1548; &#1576;&#1607;&#1575;&#1569; &#1575;&#1604;&#1583;&#1610;&#1606; &#1605;&#1581;&#1605;&#1583; &#1576;&#1606; &#1581;&#1587;&#1610;&#1606;&#1548;</subfield><subfield code="d">1547-1621.</subfield></datafield><datafield ind1="1" ind2="0" tag="880"><subfield code="6">240-02/r</subfield><subfield code="a">&#1605;&#1582;&#1604;&#1577;</subfield></datafield><datafield ind1="1" ind2="0" tag="880"><subfield code="6">245-03/r</subfield><subfield code="a">&#1603;&#1578;&#1575;&#1576; &#1575;&#1604;&#1605;&#1582;&#1604;&#1575;&#1607; /</subfield><subfield code="c">&#1604;&#1576;&#1607;&#1575;&#1569; &#1575;&#1604;&#1583;&#1610;&#1606; &#1605;&#1581;&#1605;&#1583; &#1576;&#1606; &#1581;&#1587;&#1610;&#1606; &#1575;&#1604;&#1593;&#1575;&#1605;&#1604;&#1610;. &#1608;&#1602;&#1583; &#1586;&#1610;&#1604;&#1606;&#1575;&#1607; &#1576;&#1603;&#1578;&#1575;&#1576; &#1575;&#1587;&#1585;&#1575;&#1585; &#1575;&#1604;&#1576;&#1604;&#1575;&#1594;&#1577; / &#1604;&#1605;&#1572;&#1604;&#1601; &#1575;&#1604;&#1605;&#1584;&#1603;&#1608;&#1585;. &#1608;&#1576;&#1607;&#1575;&#1605;&#1588;&#1607; &#1603;&#1578;&#1575;&#1576; &#1587;&#1603;&#1585;&#1583;&#1575;&#1606; &#1575;&#1604;&#1587;&#1604;&#1591;&#1575;&#1606; / &#1604;&#1588;&#1607;&#1575;&#1576; &#1575;&#1604;&#1583;&#1610;&#1606; &#1576;&#1606; &#1575;&#1604;&#1593;&#1576;&#1575;&#1587; &#1575;&#1581;&#1605;&#1583; &#1576;&#1606; &#1610;&#1581;&#1610;&#1574; &#1576;&#1606; &#1575;&#1576;&#1610; &#1576;&#1603;&#1585; &#1575;&#1604;&#1588;&#1607;&#1610;&#1585; &#1576;&#1575;&#1576;&#1606; &#1581;&#1580;&#1604;&#1577; &#1575;&#1604;&#1605;&#1594;&#1585;&#1576;&#1610; &#1575;&#1604;&#1578;&#1604;&#1587;&#1575;&#1606;&#1610;.</subfield></datafield><datafield ind1=" " ind2=" " tag="880"><subfield code="6">260-04/r</subfield><subfield code="a">&#1605;&#1589;&#1585;&#1548;</subfield><subfield code="b">&#1575;&#1604;&#1605;&#1591;&#1576;&#1593;&#1577; &#1575;&#1604;&#1605;&#1610;&#1605;&#1606;&#1610;&#1577;&#1548; 1317 [1899 or 1900]</subfield></datafield><datafield ind1="1" ind2="2" tag="880"><subfield code="6">700-05/r</subfield><subfield code="a">&#1593;&#1575;&#1605;&#1604;&#1610;&#1548; &#1576;&#1607;&#1575;&#1569; &#1575;&#1604;&#1583;&#1610;&#1606; &#1605;&#1581;&#1605;&#1583; &#1576;&#1606; &#1581;&#1587;&#1610;&#1606;&#1548;</subfield><subfield code="d">1547-1621.</subfield><subfield code="t">&#1575;&#1587;&#1585;&#1575;&#1585; &#1575;&#1604;&#1576;&#1604;&#1575;&#1594;&#1577;.</subfield></datafield><datafield ind1="1" ind2="2" tag="880"><subfield code="6">700-06/r</subfield><subfield code="a">&#1575;&#1576;&#1606; &#1575;&#1576;&#1610; &#1581;&#1580;&#1604;&#1577;&#1548; &#1575;&#1581;&#1605;&#1583; &#1576;&#1606; &#1610;&#1581;&#1610;&#1609;&#1548;</subfield><subfield code="d">1325-1374 or 1375.</subfield><subfield code="t">&#1603;&#1578;&#1575;&#1576; &#1575;&#1604;&#1587;&#1603;&#1585;&#1583;&#1575;&#1606;.</subfield></datafield><datafield ind1=" " ind2=" " tag="959"><subfield code="a">NNU</subfield><subfield code="b">WEB</subfield><subfield code="c">GENI</subfield><subfield code="t">0</subfield><subfield code="m">Electronic access</subfield><subfield code="s">01</subfield></datafield><datafield ind1=" " ind2=" " tag="999"><subfield code="i">NIC_1926064</subfield><subfield code="o">(OCoLC)ocm64025375</subfield></datafield></record>